@Book{MullerEtAl2018,
  title		= {Handbook of Floating-Point Arithmetic, 2nd edition},
  author	= {Muller, Jean-Michel and Brunie, Nicolas and de Dinechin, Florent and Jeannerod, Claude-Pierre and Joldes, Mioara and
		  Lef{\`e}vre, Vincent and Melquiond, Guillaume and Revol,
		  Nathalie and  Torres, Serge},
  publisher	= {{B}irkh\"auser {B}oston },
  pages	= {632},
  note		= {{ACM} {G}.1.0; {G}.1.2; {G}.4; {B}.2.0; {B}.2.4; {F}.2.1.,
				  ISBN 978-3-319-76525-9},
  year		= {2018},
  url={https://drive.google.com/file/d/191hTn7YzczQ_B7ftjVLfgRbONEZBcnbM/view?usp=drive_link},
}

% @Book{ComputerArithmetic,
%   title		= {Computer Arithmetic : Algorithms and Hardware Designs, 2nd edition},
%   author	= {Behrooz Parhami},
%   publisher	= {OXFORD UNIVERSITY PRESS},
%   pages	= {641},
%   note		= {},
%   year		= {2010},
% }


@book{KR,
	author="Kernighan, B. and Ritchie, D.",
	title="The C programming language",
	url="https://drive.google.com/file/d/1Yyl7VLCzZ_Y1la5hTbNi8qN0QaH9ntJZ/view?usp=drive_link",
	keywords="C, K&R",
	year="1988",
	publisher="Prentice Hall",
	isbn="9780131101630"
}

@book{LPI,
	author="Kerrisk, M.",
	title="The Linux Programming Interface",
	year="2010",
	series="learning",
	isbn="9781593272203",
	url="https://drive.google.com/file/d/1CDfK3cz0xKj-E0bJOFTiKaDFwi2f3RgI/view?usp=drive_link"
}

@book{CSaPP,
	author="Bryant, Randal E. and O'Hallaron, David R.",
	title="Computer Systems : A Programmer's Perspective",
	year="2010",
	month="02",
	publisher="Addison-Wesley Publishing Company",
	isbn="9780136108047",
	url="https://drive.google.com/file/d/1bkLb3OByL_UaBNz-ksr03WliZ6mnuiy-/view?usp=drive_link"
}

@book{Aho,
	title="Compilers: Principles, Techniques, and Tools",
	author="Aho, A. V. and Monica, S. Lam and Sethi, R. and Jeffrey D. Ullman",
	publisher="Pearson Education Inc.",
	year="2006",
	isbn="0201100886",
	url="https://drive.google.com/file/d/11t2AZMkYnSqhaufvIU1orxafpR0mca2X/view?usp=drive_link"
}

@book{LL,
	author="John R. Levine",
	title="Linkers and Loaders",
	year="1999",
	month="10",
	publisher="Morgan-Kauffman",
	isbn="1558604960",
	url="https://drive.google.com/file/d/1EtAHWMljpFzL8Y6jlJ5H32-1L2AJ_eF9/view?usp=drive_link"
}

@book{AL,
	author="Salomon, D.",
	title="Assemblers and Loaders",
	year="1993",
	month="02",
	publisher="Ellis Horwood Ltd",
	isbn="0130525642",
	url="https://drive.google.com/file/d/1IAtRVoKwOkhZLkjWorFNVQpquWi5zTHR/view?usp=drive_link"
}

@manual{gnumake,
	title="GNU Make",
	year="2023",
	month="02",
	url="https://drive.google.com/file/d/1admoAxMKteDXBY7uSiRmE60mgag51ia_/view?usp=drive_link",
}

@manual{c11,
	title="C11 Specificatioon",
	year="2011",
	month="04",
	day="12",
	url="https://drive.google.com/file/d/1nUx1JETBBm7zyQR0oviLO2veJtb5MpLD/view?usp=drive_link",
}

@manual{gnucpp,
	title="The C Preprocessor	for GCC",
	year="2025",
	url="https://gcc.gnu.org/onlinedocs/cpp.pdf"
}

@book{XFI,
	author="Olivier Bournez",
	title="Fondements de l'informatique : Logique, modèles et calculs",
	year="2024",
	month="07",
	publisher="École Polytechnique",
	url="https://drive.google.com/file/d/11t2AZMkYnSqhaufvIU1orxafpR0mca2X/
view?usp=drive_link"
}

@book{TAOCP,
	author="Donald Knuth",
	title="The Art of Computer Programming",
	year="2022",
	publisher="Addison-Wesley",
	isbn="0201038013",
	url="https://drive.google.com/drive/folders/1n0Wh2rfAy49rzrFhdS3OOZ8hPma6WN8P?usp=drive_link"
}

@book{EoP,
	author="Alexander Stepanov and Paul McJones",
	title="Elements of Programming",
	year="2019",
	month="06",
	publisher="Pearson Education Inc.",
	isbn="0578222141",
	url="https://drive.google.com/file/d/1LNMhVp_q9z5KnmLCC05Q1eo3rQ17OSlS/view?usp=drive_link"
}
@book{EoPS,
	author="Kernighan and Plauger",
	title="The Elements of Programming Style",
	year="1978",
	publisher="McGraw-Hill Book Company",
	isbn="0070342075",
	url="https://drive.google.com/file/d/1qHRZ9DRFcFkSFbc3skwBEdiCt_jBa-B7/view?usp=drive_link"
}

@article{HTS,
	author="C. A. R. Hoare",
	title="The 1980 ACM Turing Award Lecture",
	year="1980",
	month="10",
	day="27",
	url="https://drive.google.com/file/d/1NnucWxqtk2Y6fgeemdFH5mCT233A7pds/view?usp=drive_link"
}

@article{PrimeFunctions,
	author = "J. Barkley  Rosser and Lowell Schoenfeld",
	title = "Approximate formulas for some functions of prime numbers",
	volume = "6",
	journal = "Illinois Journal of Mathematics",
	number = "1",
	pages = "64 -- 94",
	year = "1962",
	doi = "10.1215/ijm/1255631807",
	URL = "https://doi.org/10.1215/ijm/1255631807"
}

@book{ONotation,
	author="Kalle Rutanen",
	title="O-notation in Algorithm Analysis",
	year="2022",
	month="05",
	day="23",
	url="https://arxiv.org/pdf/1309.3210"
}

@book{EltAlgorithmie,
	author="D. Beauquier and J. Berstel and Ph. Chrétienne",
	title="Éléments d'algorithmique",
	year="2005",
	month="02",
	day="6",
	url="https://www-igm.univ-mlv.fr/~berstel/Elements/Elements.pdf"
}

@book{Froidevaux,
	author="C. Froidevaux and M-C. Gaudel and M. Soria",
	title="Types de données et algorithmes",
	year="1990",
	url="https://drive.google.com/file/d/1rGw2CLiD5fwHQF8r5SVdUyZ1SLnAXRHJ/view?usp=drive_link"
}

@book{ENSGraphes,
	author="Jean Goubault-Larrecq",
	title="Algorithmique des graphes",
	year="2024",
	month="01",
	day="25",
	url="https://drive.google.com/file/d/1KV7sd0OuU8qwL6TXlzjr-4cQ_WqWUikH/view?usp=drive_link"
}

@book{BosseMathsDehaene,
	author="Stanislas Dehaene",
	title="La bosse des maths",
	year="2010",
	isbn="9782738125248",
	publisher="Odile Jacob"
}