@Book{MullerEtAl2018,
  title		= {Handbook of Floating-Point Arithmetic, 2nd edition},
  author	= {Muller, Jean-Michel and Brunie, Nicolas and de Dinechin, Florent and Jeannerod, Claude-Pierre and Joldes, Mioara and
		  Lef{\`e}vre, Vincent and Melquiond, Guillaume and Revol,
		  Nathalie and  Torres, Serge},
  publisher	= {{B}irkh\"auser {B}oston },
  pages	= {632},
  note		= {{ACM} {G}.1.0; {G}.1.2; {G}.4; {B}.2.0; {B}.2.4; {F}.2.1.,
				  ISBN 978-3-319-76525-9},
  year		= {2018},
  url={https://drive.google.com/file/d/191hTn7YzczQ_B7ftjVLfgRbONEZBcnbM/view?usp=drive_link},
}

% @Book{ComputerArithmetic,
%   title		= {Computer Arithmetic : Algorithms and Hardware Designs, 2nd edition},
%   author	= {Behrooz Parhami},
%   publisher	= {OXFORD UNIVERSITY PRESS},
%   pages	= {641},
%   note		= {},
%   year		= {2010},
% }


@book{KR,
	author="Kernighan, B. and Ritchie, D.",
	title="The C programming language",
	url="https://drive.google.com/file/d/1Yyl7VLCzZ_Y1la5hTbNi8qN0QaH9ntJZ/view?usp=drive_link",
	keywords="C, K&R",
	year="1988",
	publisher="Prentice Hall",
	isbn="9780131101630"
}

@book{LPI,
	author="Kerrisk, M.",
	title="The Linux Programming Interface",
	year="2010",
	series="learning",
	isbn="9781593272203",
	url="https://drive.google.com/file/d/1CDfK3cz0xKj-E0bJOFTiKaDFwi2f3RgI/view?usp=drive_link"
}

@book{CSaPP,
	author="Bryant, Randal E. and O'Hallaron, David R.",
	title="Computer Systems : A Programmer's Perspective",
	year="2010",
	month="02",
	publisher="Addison-Wesley Publishing Company",
	isbn="9780136108047",
	url="https://drive.google.com/file/d/1bkLb3OByL_UaBNz-ksr03WliZ6mnuiy-/view?usp=drive_link"
}

@book{Aho,
	title="Compilers: Principles, Techniques, and Tools",
	author="Aho, A. V. and Monica, S. Lam and Sethi, R. and Jeffrey D. Ullman",
	publisher="Pearson Education Inc.",
	year="2006",
	isbn="0201100886",
	url="https://drive.google.com/file/d/11t2AZMkYnSqhaufvIU1orxafpR0mca2X/view?usp=drive_link"
}

@book{LL,
	author="John R. Levine",
	title="Linkers and Loaders",
	year="1999",
	month="10",
	publisher="Morgan-Kauffman",
	isbn="1558604960",
	url="https://drive.google.com/file/d/1EtAHWMljpFzL8Y6jlJ5H32-1L2AJ_eF9/view?usp=drive_link"
}

@book{AL,
	author="Salomon, D.",
	title="Assemblers and Loaders",
	year="1993",
	month="02",
	publisher="Ellis Horwood Ltd",
	isbn="0130525642",
	url="https://drive.google.com/file/d/1IAtRVoKwOkhZLkjWorFNVQpquWi5zTHR/view?usp=drive_link"
}

@online{BitHacks,
	author="Sean Eron Anderson",
	title="Bit Twiddling Hacks",
	year="2005",
	month="5",
	url="http://graphics.stanford.edu/~seander/bithacks.html"
}

@manual{gnumake,
	title="GNU Make",
	url="https://drive.google.com/file/d/1admoAxMKteDXBY7uSiRmE60mgag51ia_/view?usp=drive_link",
}

@manual{c11,
	title="C11 Specificatioon",
	url="https://drive.google.com/file/d/1nUx1JETBBm7zyQR0oviLO2veJtb5MpLD/view?usp=drive_link",
}

@book{XFI,
	author="Olivier Bournez",
	title="Fondements de l'informatique : Logique, modèles et calculs",
	year="2024",
	month="07",
	publisher="École Polytechnique",
	url="https://drive.google.com/file/d/11t2AZMkYnSqhaufvIU1orxafpR0mca2X/
view?usp=drive_link"
}