@online{BitHacks,
	author="Sean Eron Anderson",
	title="Bit Twiddling Hacks",
	year="2005",
	month="5",
	url="http://graphics.stanford.edu/~seander/bithacks.html"
}